@online{CUDAGuide,
	title= "CUDA Programming Guide",
	url = "http://docs.nvidia.com/cuda/cuda-c-programming-guide",
	urldate = "2016-04-06"
}

@online{CUDAPascal,
	title = "Inside Pascal",
	author = "Mark Harris",
	url ="https://devblogs.nvidia.com/parallelforall/inside-pascal",
	urldate = "2016-04-06"
}

@book{IntroductionToAlgorithms,
  Author = {Thomas H. Cormen and Charles E. Leiserson and Ronald L. Rivest and Clifford Stein},
  Title = {Introduction to Algorithms, Third Edition (International Edition)},
  Publisher = {The MIT Press},
  Year = {2009},
  ISBN = {0262533057}
}

@article{PrunedLabeling,
  author    = {Takuya Akiba and
               Yoichi Iwata and
               Yuichi Yoshida},
  title     = {Fast Exact Shortest-Path Distance Queries on Large Networks by Pruned
               Landmark Labeling},
  journal   = {CoRR},
  volume    = {abs/1304.4661},
  year      = {2013},
  url       = {http://arxiv.org/abs/1304.4661},
  timestamp = {Thu, 02 May 2013 15:54:12 +0200},
  biburl    = {http://dblp.uni-trier.de/rec/bib/journals/corr/abs-1304-4661},
  bibsource = {dblp computer science bibliography, http://dblp.org}
}

@inproceedings{harnar,
 author = {Harish, Pawan and Narayanan, P. J.},
 title = {Accelerating Large Graph Algorithms on the GPU Using CUDA},
 booktitle = {Proceedings of the 14th International Conference on High Performance Computing},
 series = {HiPC'07},
 year = {2007},
 isbn = {3-540-77219-7, 978-3-540-77219-4},
 location = {Goa, India},
 pages = {197--208},
 numpages = {12},
 url = {http://dl.acm.org/citation.cfm?id=1782174.1782200},
 acmid = {1782200},
 publisher = {Springer-Verlag},
 address = {Berlin, Heidelberg},
}

@article{wangOwens,
	author = {Yangzihao Wang and John Owens},
	title = {Large-Scale Graph Processing Algorithms on the GPU},
	url = {http://www.idav.ucdavis.edu/~yzhwang/gpugraph.pdf},
	year = {2013}
}

@inproceedings{hongKimOguntebiOlukotun,
 author = {Hong, Sungpack and Kim, Sang Kyun and Oguntebi, Tayo and Olukotun, Kunle},
 title = {Accelerating CUDA Graph Algorithms at Maximum Warp},
 booktitle = {Proceedings of the 16th ACM Symposium on Principles and Practice of Parallel Programming},
 series = {PPoPP '11},
 year = {2011},
 isbn = {978-1-4503-0119-0},
 location = {San Antonio, TX, USA},
 pages = {267--276},
 numpages = {10},
 url = {http://doi.acm.org/10.1145/1941553.1941590},
 doi = {10.1145/1941553.1941590},
 acmid = {1941590},
 publisher = {ACM},
 address = {New York, NY, USA},
 keywords = {cuda, gpgpu, parallel graph algorithms},
} 
